@article{barlish2012measure,
  title={{How to measure the benefits of {BIM} — A case study approach}},
  author={Barlish, Kristen and Sullivan, Kenneth},
  journal={Automation in construction},
  volume={24},
  pages={149--159},
  year={2012},
  publisher={Elsevier}
}

@article{lu2014cost,
  title={{Cost-benefit analysis of Building Information Modeling implementation in building projects through demystification of time-effort distribution curves}},
  author={Lu, Weisheng and Fung, Ada and Peng, Yi and Liang, Cong and Rowlinson, Steve},
  journal={Building and environment},
  volume={82},
  pages={317--327},
  year={2014},
  publisher={Elsevier}
}

@inproceedings{chang2014economic,
  title={{An economic framework for analyzing the incentive problems in building information modeling systems}},
  author={Chang, Chen-Yu and Howard, R},
  booktitle={Proceedings of Academy of Management annual meeting, Philadelphia, USA},
  year={2014}
}

@article{lu2012generic,
  title={{Generic model for measuring benefits of {BIM} as a learning tool in construction tasks}},
  author={Lu, Weisheng and Peng, Yi and Shen, Qiping and Li, Heng},
  journal={Journal of Construction Engineering and Management},
  volume={139},
  number={2},
  pages={195--203},
  year={2012},
  publisher={American Society of Civil Engineers}
}

@article{hansen2018,
  title={{Econometrics}},
  author={Bruce Hansen},
  journal={},
  volume={},
  number={},
  pages={},
  year={2018},
  publisher={University of Wisconsin}
}

@book{verbeek,
  title={A guide to modern econometrics},
  author={Verbeek, Marno},
  year={2004},
  publisher={John Wiley \& Sons}
}

@incollection{succar2010building,
  title={Building information modelling maturity matrix},
  author={Succar, Bilal},
  booktitle={Handbook of research on building information modeling and construction informatics: Concepts and technologies},
  pages={65--103},
  year={2010},
  publisher={IGI Global}
}

@article{saldias2010estimacion,
  title={Estimaci{\'o}n de los beneficios de realizar una coordinaci{\'o}n digital de proyectos con tecnolog{\'\i}as {BIM}},
  author={Sald{\'\i}as, Rodolfo Omar Luis},
  year={2010},
  publisher={Universidad de Chile}
}


@book{nbs,
  title={National {BIM} Report},
  author={NBS},
  year={2018},
  publisher={}
}

@misc{nbimstandard,
    author = "{National Building Information Model Standard Project Committee}",
    title = "What is {BIM}?",
    year = "2019",
    howpublished = {Recuperado de \url{https://www.nationalbimstandard.org/faqs#faq1}}
  }

@article{inversion-cochilco,
  title={Inversión en la minería chilena - Cartera de proyectos 2018 - 2027},
  author="{Comisión Chilena del Cobre}",
  year={2018},
  publisher={}
}

@article{metodologiaBIM,
  title={Gestión Metodología {{BIM}}},
  author="{Corporación Nacional del Cobre}",
  year="{s/f}",
  publisher={}
}


@misc{worldbank,
    author = "{Banco Mundial}",
    title = "Banco Mundial Datos",
    year = "2019",
    howpublished = {Recuperado de \url{https://datos.bancomundial.org/pais/chile}},
  }

  @misc{planbim,
    author = "{Planbim}",
    title = "Qué es Planbim",
    year = "2019",
    howpublished = {Recuperado de \url{https://planbim.cl/que-es-planbim}},
  }
